%% This BibTeX bibliography file was created using BibDesk.
%% http://bibdesk.sourceforge.net/

%% Created for yichao Lin at 2017-10-23 16:56:02 -0400 


%% Saved with string encoding Unicode (UTF-8) 

@conference{C1,
	author = {K. Fall},
	Title = {A Delay-Tolerant Network Architecture for Challenged Internets},
	booktitle = {the Conference on Applications, Technologies, Architectures, and Protocols for Computer Communications},
	Pages = {27-34},
	Year = {2003}}

@phdthesis{C2,
	Author = {Pietiläinen and A.K.},
	Title = {Opportunistic Mobile Social Networks at Work},
	school = {Université Pierre et Marie Curie},
	address = {Paris},
	Year = {2010}}

@book{C3,
	Author = {Ivan Stojmenović},
	title = {Handbook of wireless networks and mobile computing},
	publisher = {Wiley-Interscience},
	Year = {2002}}

@book{C4,
	Author = {J. Schiller and A. Voisard},
	title = {Location-Based Services},
	publisher = {Morgan Kaufmann},
	Year = {2004}}

@article{C5,
	author = {John Krumm},
	Title = {A survey of computational location privacy},
	Journal = {Personal and Ubiquitous Computing},
	volume = {13},
	number = {6},
	Pages = {391-399},
	Month = {August},
	Year = {2009}}

@article{C6,
	author = {E. P. Jones and P. A. Ward},
	Title = {Routing strategies for delay-tolerant networks},
	Journal = {ACM CCR},
	Year = {2006}}

@conference{C7,
	author = {U. Lee and S. Y. Oh and K. W. Lee and M. Gerla},
	Title = {Relay Cast: scalable Multicast Routing in Delay Tolerant Networks},
	booktitle = {IEEE International Conference on Network Protocols},
	Pages = {218-227},
	Month = {October},
	Year = {2008}}

@techreport{C8,
	author = {A. Vahdat and D. Becker},
	Title = {Epidemic Routing for Partially-Connected Ad Hoc Networks},
	number = {CS-2000-06},
	Month = {April},
	Year = {2000}}
	
@article{C9,
	author = {A. Lindgren and A. Doria and O. Schelen},
	Title = {Probabilistic Routing in Intermittently Connected Networks},
	Journal = {ACM SIGMOBILE Mobile Computing and Communications Review},
	volume = {7},
	number = {3},
	Pages = {19-20},
	Month = {July},
	Year = {2003}}

@conference{C10,
	author = {J. Shen and S. Moh and I. Chung},
	Title = {Routing Protocols in Delay Tolerant Networks: A comparative Survey},
	booktitle = {23rd International Conference on Circuits/Systems,Computers and Communications (ITC-CSCC 2008)},
	Year = {2008}}

@techreport{C11,
	author = {E. Reddy and S. Kumar and N. Rollings and R. Chandra},
	Title = {Mobile Application for Dengue Fever Monitoring and Tracking via GPS: Case Study for Fiji},
	number = {TR-04-2015},
	Month = {Mar},
	Year = {2015}}

@conference{C12,
	author = {Y. Liao and K. Tan and Z. Zhang and L. Gao},
	Title = {Estimation based Erasure Coding routing in Delay Tolerant Networks},
	booktitle = {the 2006 international conference on Wireless communications and mobile computing (IWCMC)},
	Pages = {557-562},
	Month = {July},
	Year = {2006}}

@conference{C13,
	author = {L. J. Chen and C. H. Yu and T. Sun and Y. C. Chen and H. H. Chu},
	Title = {A Hybrid Routing Approach for Opportunistic Networks},
	booktitle = {the 2006 SIGCOMM workshop on Challenged networks (CHANTS)},
	Pages = {213-220},
	Month = {September},
	Year = {2006}}

@conference{C14,
	author = {M. M. Zanjireh and H. Larijani},
	Title = {A Survey on Centralised and Distributed Clustering Routing Algorithms for WSNs},
	booktitle = {Vehicular Technology Conference (VTC Spring)},
	publisher = {IEEE},
	Month = {May},
	Year = {2015}}

@conference{C15,
	author = {M. Gruteser, D. Grunwald},
	Title = {Anonymous Usage of Location-Based Services Through Spatial and Temporal Cloaking},
	booktitle = {the 1st International Conference on Mobile Systems, Applications and Services},
	Pages = {31-42},
	Month = {May},
	Year = {2003}}

@conference{C16,
	author = {S. Zakhary and M. Radenkovic},
	Title = {Utilizing social links for location privacy in opportunistic delay-tolerant networks},
	booktitle = {International Conference on Communications (ICC)},
	publisher = {IEEE},
	Month = {June},
	Year = {2012}}

@conference{C17,
	author = {S. Zakhary and M. Radenkovic and A. Benslimane},
	Title = {The quest for location-privacy in opportunistic mobile social networks},
	booktitle = {Wireless Communications and Mobile Computing Conference (IWCMC)},
	publisher = {IEEE},
	Month = {July},
	Year = {2013}}

@article{C18,
	author = {S. Zakhary and M. Radenkovic and A. Benslimane},
	Title = {Efficient Location Privacy-Aware Forwarding in Opportunistic Mobile Networks},
	Journal = {IEEE Transactions on Vehicular Technology},
	volume = {63},
	number = {2},
	Pages = {893-906},
	Month = {February},
	Year = {2014}}

@conference{C19,
	author = {E. Daly and M. Haahr},
	Title = {Social Network Analysis for Routing in Disconnected Delay-Tolerant MANETs},
	booktitle = {the 8th ACM International Symposium on Mobile Ad Hoc Networking and Computing},
	publisher = {ACM},
	Pages = {32-40},
	Month = {September},
	Year = {2007}}

@conference{C20,
	author = {M. Duckham},
	Title = {Moving forward: Location privacy and location awareness},
	booktitle = {the 3rd ACM International Workshop on Security and Privacy in GIS and LBS},
	publisher = {ACM},
	Month = {November},
	Year = {2010}}

@conference{C21,
	author = {T. Hashem and L. Kulik},
	Title = {Safeguarding location privacy in wireless ad-hoc networks},
	booktitle = {UbiComp 2007: Ubiquitous Computing},
	publisher = {springer},
	Pages = {372-390},
	Month = {September},
	Year = {2007}}

@article{C22,
	author = {L. Sweeney},
	Title = {k-Anonymity: A Model for Protecting Privacy},
	Journal = {International Journal on Uncertainty, Fuzziness and Knowledge-based Systems},
	volume = {10},
	number = {5},
	Pages = {557-570},
	Month = {July},
	Year = {2002}}

@conference{C23,
	author = {M. Mano and Y. Ishikawa},
	Title = {Anonymizing User Location and Profile Information for Privacy-aware Mobile Services},
	booktitle = {the 2nd ACM SIGSPATIAL International Workshop on Location Based Social Networks},
	publisher = {ACM},
	Pages = {68-75},
	Month = {November},
	Year = {2010}}

@article{C24,
	author = {T. Wang, L. Liu},
	Title = {Privacy-aware mobile services over road networks},
	Journal = {the VLDB Endowment},
	volume = {2},
	number = {1},
	Pages = {1042-1053},
	Month = {August},
	Year = {2009}}

@conference{C25,
	author = {R. Lu and X. Lin and X. Shen},
	Title = {SPRING: A Social-based Privacy-preserving Packet Forwarding Protocol for Vehicular Delay Tolerant Networks},
	booktitle = {2010 Proceedings IEEE INFOCOM},
	publisher = {IEEE},
	Month = {March},
	Year = {2010}}

@article{C26,
	author = {J. Zhang, C. Chow},
	Title = {REAL: A Reciprocal Protocol for Location Privacy in Wireless Sensor Networks},
	Journal = {IEEE Transactions on Dependable and Secure Computing},
	volume = {12},
	number = {4},
	Pages = {458-471},
	Month = {October},
	Year = {2014}}

@conference{C27,
	author = {P. Hui and J. Crowcroft},
	Title = {How Small Labels create Big Improvements},
	booktitle = {Fifth Annual IEEE International Conference on Pervasive Computing and Communications Workshops},
	publisher = {IEEE},
	Month = {March},
	Year = {2007}}

@article{C28,
	author = {W. Diffie and M. E. Hellman},
	Title = {New directions in cryptography},
	Journal = {IEEE Transactions on Information Theory},
	volume = {22},
	number = {6},
	Pages = {644-654},
	Month = {November},
	Year = {1976}}

@conference{C29,
	author = {P. Jacquet and P. Muhlethaler and T. Clausen},
	Title = {Optimized link state routing protocol for ad hoc networks},
	booktitle = {IEEE International Multi Topic Conference 2001 - IEEE INMIC 2001},
	publisher = {IEEE},
	Month = {December},
	Year = {2001}}

@conference{C30,
	author = {R. Xiang and J. Neville and M. Rogati},
	Title = {Modeling Relationship Strength in Online Social Networks},
	booktitle = {the 19th International Conference on World Wide Web},
	publisher = {ACM},
	Pages = {644-654},
	Month = {April},
	Year = {2010}}

@conference{C31,
	author = {T. Spyropoulos and K. Psounis and C. S. Raghavendra},
	Title = {Spray and Wait: An Efficient Routing Scheme for Intermittently Connected Mobile Networks},
	booktitle = {the ACM SIGCOMM Workshop on Delay-tolerant Networking},
	publisher = {ACM},
	Pages = {252-259},
	Month = {August},
	Year = {2005}}

@conference{C32,
	author = {F. Ekman and A. Keränen and J. Karvo and J. Ott},
	Title = {Working Day Movement Model},
	booktitle = {the 1st ACM SIGMOBILE workshop on Mobility models},
	publisher = {ACM},
	Pages = {33-40},
	Month = {May},
	Year = {2008}}

@conference{C33,
	author = {A. Moffat and T. Takaoka},
	Title = {all pairs shortest path algorithm with expected running time O(n2logn)},
	booktitle = {26th Annual Symposium on Foundations of Computer Science},
	publisher = {IEEE},
	Month = {October},
	Year = {1985}}

@misc{C34,
	note = {https://www.openstreetmap.org/}}

@conference{C35,
	author = {A. Keränen and J. Ott and T. Kärkkäinen},
	Title = {The ONE simulator for DTN protocol evaluation},
	booktitle = {the 2nd International Conference on Simulation Tools and Techniques},
	publisher = {ICST},
	Month = {March},
	Year = {2009}}

@conference{C36,
	author = {X. Xue and J. Li and Y. Cao and J. Fang},
	Title = {Advanced PROPHET Routing in Delay Tolerant Network},
	booktitle = {IEEE International Conference on Communication Software and Networks},
	publisher = {IEEE},
	Year = {2009}}

@techreport{C37,
	author = {C. Mascolo and S. Hailes and L. Lymberopoulos and G. P. Picco and P. Costa and G. Blair and P. Okanda and T. Sivaharan and W. Fritsche and M. Karl and M. A. Rónai and K. Fodor and A. Boulis},
	Title = {Reconfigurable Ubiquitous Networked Embedded Systems},
	Month = {January},
	Year = {2005}}

@article{C38,
	author = {E. P. C. Jones and L. Li and J. K. Schmidtke},
	Title = {Practical Routing in Delay-Tolerant Networks},
	Journal = {IEEE Transactions on Mobile Computing},
	volume = {6},
	number = {8},
	Pages = {943 - 959},
	Month = {June},
	Year = {2007}}

@conference{C39,
	author = {C. Liu and J. Wu},
	Title = {Scalable Routing in Delay tolerant Networks},
	booktitle = {the 8th ACM international symposium on Mobile ad hoc networking and computing},
	Pages = {51-60},
	publisher = {ACM},
	Year = {2007}}














